<?xml version="1.0" encoding="UTF-8"?>
<collection xmlns="http://www.loc.gov/MARC21/slim">
 <record>
  <leader>02437cam a2200457Ka 4500</leader>
  <controlfield tag="001">8352083</controlfield>
  <controlfield tag="005">20110518110200.0</controlfield>
  <controlfield tag="006">m        d        </controlfield>
  <controlfield tag="007">cr |||||||||||</controlfield>
  <controlfield tag="008">110321m20109999iluab   ob    000 0 eng d</controlfield>
  <datafield tag="020" ind1=" " ind2=" ">
   <subfield code="a">1885923732</subfield>
  </datafield>
  <datafield tag="020" ind1=" " ind2=" ">
   <subfield code="a">9781885923738</subfield>
  </datafield>
  <datafield tag="035" ind1=" " ind2=" ">
   <subfield code="a">(OCoLC)707937083</subfield>
  </datafield>
  <datafield tag="035" ind1=" " ind2=" ">
   <subfield code="a">8352083</subfield>
  </datafield>
  <datafield tag="040" ind1=" " ind2=" ">
   <subfield code="a">CGU</subfield>
   <subfield code="c">CGU</subfield>
   <subfield code="d">CGU</subfield>
  </datafield>
  <datafield tag="041" ind1="0" ind2=" ">
   <subfield code="a">eng</subfield>
   <subfield code="a">ara</subfield>
  </datafield>
  <datafield tag="043" ind1=" " ind2=" ">
   <subfield code="a">a-sy---</subfield>
  </datafield>
  <datafield tag="049" ind1=" " ind2=" ">
   <subfield code="a">CGUA</subfield>
  </datafield>
  <datafield tag="090" ind1=" " ind2=" ">
   <subfield code="a">DS94.5</subfield>
   <subfield code="b">.U7 2010</subfield>
  </datafield>
  <datafield tag="100" ind1="1" ind2=" ">
   <subfield code="a">Ur, Jason A.</subfield>
  </datafield>
  <datafield tag="245" ind1="1" ind2="4">
   <subfield code="a">The Tell Hamoukar survey</subfield>
   <subfield code="h">[electronic resource] /</subfield>
   <subfield code="c">Jason A. Ur; with contributions by McGuire Gibson, Tell Hamoukar series editor.</subfield>
  </datafield>
  <datafield tag="246" ind1="1" ind2=" ">
   <subfield code="i">Also known as:</subfield>
   <subfield code="a">Tell Hamoukar series</subfield>
  </datafield>
  <datafield tag="260" ind1=" " ind2=" ">
   <subfield code="a">Chicago :</subfield>
   <subfield code="b">Oriental Institute of the University of Chicago,</subfield>
   <subfield code="c">2010-</subfield>
  </datafield>
  <datafield tag="300" ind1=" " ind2=" ">
   <subfield code="a">1 online resource (v :</subfield>
   <subfield code="b">ill., maps)</subfield>
  </datafield>
  <datafield tag="490" ind1="1" ind2=" ">
   <subfield code="a">University of Chicago Oriental Institute publications ;</subfield>
   <subfield code="v">v. 137-</subfield>
  </datafield>
  <datafield tag="500" ind1=" " ind2=" ">
   <subfield code="a">Summary in Arabic at end of v. 1 text.</subfield>
  </datafield>
  <datafield tag="500" ind1=" " ind2=" ">
   <subfield code="a">Vol. 1 includes three maps as separate PDFs.</subfield>
  </datafield>
  <datafield tag="500" ind1=" " ind2=" ">
   <subfield code="a">&quot;Tell Hamoukar is one of the largest Bronze Age sites in northern Mesopotamia. The present volume presents the results of three seasons of field survey and remote-sensing analysis at the site and its region. These studies were undertaken to address questions of urban origins, land use, and demographic trends through time&quot; -- back flap.</subfield>
  </datafield>
  <datafield tag="504" ind1=" " ind2=" ">
   <subfield code="a">Includes bibliographical references (v.1, p. xxvii-lii)</subfield>
  </datafield>
  <datafield tag="505" ind1="1" ind2="0">
   <subfield code="t">Tell Hamoukar.</subfield>
   <subfield code="g">v.1. Urbanism and cultural landscapes in Northeastern Syria: the Tell Hamoukar survey, 1999-2001 (2010) /</subfield>
   <subfield code="r">Jason A. Ur</subfield>
  </datafield>
  <datafield tag="651" ind1=" " ind2="0">
   <subfield code="a">Syria</subfield>
   <subfield code="x">Antiquities.</subfield>
  </datafield>
  <datafield tag="651" ind1=" " ind2="0">
   <subfield code="a">Jazira (Iraq and Syria)</subfield>
   <subfield code="x">Antiquities.</subfield>
  </datafield>
  <datafield tag="650" ind1=" " ind2="7">
   <subfield code="a">Antiquities.</subfield>
   <subfield code="2">fast</subfield>
   <subfield code="0">http://id.worldcat.org/fast/fst00810745</subfield>
  </datafield>
  <datafield tag="651" ind1=" " ind2="7">
   <subfield code="a">Asia</subfield>
   <subfield code="z">Jazira.</subfield>
   <subfield code="2">fast</subfield>
   <subfield code="0">http://id.worldcat.org/fast/fst01310149</subfield>
  </datafield>
  <datafield tag="651" ind1=" " ind2="7">
   <subfield code="a">Syria.</subfield>
   <subfield code="2">fast</subfield>
   <subfield code="0">http://id.worldcat.org/fast/fst01208757</subfield>
  </datafield>
  <datafield tag="700" ind1="1" ind2=" ">
   <subfield code="a">Gibson, McGuire.</subfield>
  </datafield>
  <datafield tag="740" ind1="0" ind2=" ">
   <subfield code="a">Urbanism and cultural landscapes in Northeastern Syria: the Tell Hamoukar survey, 1999-2001.</subfield>
  </datafield>
  <datafield tag="776" ind1="0" ind2="8">
   <subfield code="i">Print version:</subfield>
   <subfield code="a">Ur, Jason A.</subfield>
   <subfield code="t">Tell Hamoukar survey.</subfield>
   <subfield code="d">Chicago : Oriental Institute of the University of Chicago, 2010-</subfield>
   <subfield code="z">9781885923738</subfield>
   <subfield code="w">(OCoLC)705930139</subfield>
   <subfield code="w">(ICU)8373906</subfield>
  </datafield>
  <datafield tag="830" ind1=" " ind2="0">
   <subfield code="a">University of Chicago Oriental Institute publications ;</subfield>
   <subfield code="v">v. 137-</subfield>
  </datafield>
  <datafield tag="856" ind1="4" ind2="0">
   <subfield code="3">v.1</subfield>
   <subfield code="u">http://bibpurl.oclc.org/web/42095</subfield>
  </datafield>
  <datafield tag="928" ind1=" " ind2=" ">
   <subfield code="u">http://bibpurl.oclc.org/web/42095</subfield>
   <subfield code="p">v.1</subfield>
   <subfield code="c">FullText</subfield>
   <subfield code="l">Online</subfield>
   <subfield code="t">LCC</subfield>
   <subfield code="a">DS94.5.U7 2010</subfield>
  </datafield>
 </record>
</collection>
